@article{knuth74,
    author = {Knuth, Donald E.},
    title = {Computer Programming As an Art},
    journal = {Commun. ACM},
    year = {1974},
    pages = {667--673},
    numpages = {7},
    publisher = {ACM},
    address = {New York, NY, USA}
}

@article{knuth92,
    author = {Knuth, Donald E.},
    title = {Two notes on notation},
    journal = {Amer. Math. Monthly},
    volume = {99},
    year = {1992},
    pages = {403--422}
}

@book{lamport94,
    title = {LaTeX: A Document Preparation System},
    author = {Lamport, Leslie},
    year = {1994},
    publisher = {Pearson Education India}
}


@inproceedings{lima2023adaptive,
  title={Adaptive Batch Size CGP: Improving Accuracy and Runtime for CGP Logic Optimization Flow},
  author={Lima, Bryan Martins and Sachetti, Naiara and Berndt, Augusto and Meinhardt, Cristina and Carvalho, Jonata Tyska},
  booktitle={EuroGP 2023},
  pages={149--164},
  year={2023},
}

@inproceedings{ferreira2023self,
  title={A Self-Adaptive Approach to Exploit Topological Properties of Different GAsâ€™ Crossover Operators},
  author={Ferreira, Jos{\'e} and Castelli, Mauro and Manzoni, Luca and Pietropolli, Gloria},
  booktitle={EuroGP 2023},
  pages={3--18},
  year={2023},
}

@inproceedings{carvalho2023context,
  title={Context Matters: Adaptive Mutation for Grammars},
  author={Carvalho, Pedro and M{\'e}gane, Jessica and Louren{\c{c}}o, Nuno and Machado, Penousal},
  booktitle={EuroGP 2023},
  pages={117--132},
  year={2023},
}

@inproceedings{wittenberg2023small,
  title={Small Solutions for Real-World Symbolic Regression Using Denoising Autoencoder Genetic Programming},
  author={Wittenberg, David and Rothlauf, Franz},
  booktitle={EuroGP 2023},
  pages={101--116},
  year={2023},
}

@inproceedings{hu2023phenotype,
  title={Phenotype Search Trajectory Networks for Linear Genetic Programming},
  author={Hu, Ting and Ochoa, Gabriela and Banzhaf, Wolfgang},
  booktitle={EuroGP 2023},
  pages={52--67},
  year={2023},
}

@article{zhan2022learning,
  title={Learning-aided Evolution for Optimization},
  author={Zhan, Zhi-Hui and Li, Jian-Yu and Kwong, Sam and Zhang, Jun},
  journal={IEEE Transactions on Evolutionary Computation},
  year={2022},
  publisher={IEEE}
}

@inproceedings{matsumoto2023faster,
  title={Faster Convergence with Lexicase Selection in Tree-Based Automated Machine Learning},
  author={Matsumoto, Nicholas and Saini, Anil Kumar and Ribeiro, Pedro and Choi, Hyunjun and Orlenko, Alena and Lyytik{\"a}inen, Leo-Pekka and Laurikka, Jari O and Lehtim{\"a}ki, Terho and Batista, Sandra and Moore, Jason H},
  booktitle={EuroGP 2023},
  pages={165--181},
  year={2023},
}

@inproceedings{leite2023memetic,
  title={Memetic Semantic Genetic Programming for Symbolic Regression},
  author={Leite, Alessandro and Schoenauer, Marc},
  booktitle={EuroGP 2023},
  pages={198--212},
  year={2023},
}

@inproceedings{reuter2023graph,
  title={Graph Networks as Inductive Bias for Genetic Programming: Symbolic Models for Particle-Laden Flows},
  author={Reuter, Julia and Elmestikawy, Hani and Evrard, Fabien and Mostaghim, Sanaz and van Wachem, Berend},
  booktitle={EuroGP 2023},
  pages={36--51},
  year={2023},
}

@inproceedings{zhou2023boosting,
  title={A Boosting Approach to Constructing an Ensemble Stack},
  author={Zhou, Zhilei and Qiu, Ziyu and Niblett, Brad and Johnston, Andrew and Schwartzentruber, Jeffrey and Zincir-Heywood, Nur and Heywood, Malcolm I},
  booktitle={EuroGP 2023},
  pages={133--148},
  year={2023},
}

@inproceedings{zhang2023map,
  title={MAP-Elites with Cosine-Similarity for Evolutionary Ensemble Learning},
  author={Zhang, Hengzhe and Chen, Qi and Tonda, Alberto and Xue, Bing and Banzhaf, Wolfgang and Zhang, Mengjie},
  booktitle={EuroGP 2023},
  pages={84--100},
  year={2023},
}

@inproceedings{miralavy2023spatial,
  title={Spatial Genetic Programming},
  author={Miralavy, Iliya and Banzhaf, Wolfgang},
  booktitle={EuroGP 2023},
  pages={260--275},
  year={2023},
}

@inproceedings{de2023interacting,
  title={Interacting Robots in an Artificial Evolutionary Ecosystem},
  author={De Carlo, Matteo and Ferrante, Eliseo and Ellers, Jacintha and Meynen, Gerben and Eiben, AE},
  booktitle={EuroGP 2023},
  pages={339--354},
  year={2023},
}

@inproceedings{djurasevic2023bias,
  title={To Bias or Not to Bias: Probabilistic Initialisation for Evolving Dispatching Rules},
  author={{\DJ}urasevi{\'c}, Marko and Gil-Gala, Francisco Javier and Jakobovi{\'c}, Domagoj},
  booktitle={EuroGP 2023},
  pages={308--323},
  year={2023},
}

@inproceedings{kowalczykiewicz2023grammatical,
  title={Grammatical Evolution with Code2vec},
  author={Kowalczykiewicz, Micha{\l} and Lipi{\'n}ski, Piotr},
  booktitle={EuroGP 2023},
  pages={213--224},
  year={2023},
}